<record xmlns="http://www.loc.gov/MARC21/slim">
   <leader>01941pam a2200445 i 4500</leader>
   <controlfield tag="001">6803029</controlfield>
   <controlfield tag="003">OCoLC</controlfield>
   <controlfield tag="005">20150119142021.0</controlfield>
   <controlfield tag="008">140228s2015    nyua     b    001 0 eng  </controlfield>
   <datafield ind1=" " ind2=" " tag="010">
      <subfield code="a">  2014007929</subfield>
   </datafield>
   <datafield ind1="7" ind2=" " tag="016">
      <subfield code="a">101626982</subfield>
      <subfield code="2">DNLM</subfield>
   </datafield>
   <datafield ind1=" " ind2=" " tag="020">
      <subfield code="a">9780071830027</subfield>
      <subfield code="q">pbk.</subfield>
      <subfield code="q">alk. paper</subfield>
   </datafield>
   <datafield ind1=" " ind2=" " tag="020">
      <subfield code="a">0071830022</subfield>
      <subfield code="q">pbk.</subfield>
      <subfield code="q">alk. paper</subfield>
   </datafield>
   <datafield ind1=" " ind2=" " tag="035">
      <subfield code="a">ocn890359038</subfield>
   </datafield>
   <datafield ind1=" " ind2=" " tag="040">
      <subfield code="a">DNLM/DLC</subfield>
      <subfield code="b">eng</subfield>
      <subfield code="e">rda</subfield>
      <subfield code="c">DLC</subfield>
      <subfield code="d">NLM</subfield>
      <subfield code="d">BTCTA</subfield>
      <subfield code="d">BDX</subfield>
      <subfield code="d">OCLCO</subfield>
      <subfield code="d">YDXCP</subfield>
      <subfield code="d">OCLCO</subfield>
      <subfield code="d">OCLCQ</subfield>
      <subfield code="d">UAB</subfield>
      <subfield code="d">AEU</subfield>
   </datafield>
   <datafield ind1=" " ind2=" " tag="042">
      <subfield code="a">pcc</subfield>
   </datafield>
   <datafield ind1="0" ind2="0" tag="050">
      <subfield code="a">RC78.7.U4</subfield>
      <subfield code="b">W34 2015</subfield>
   </datafield>
   <datafield ind1="0" ind2="0" tag="060">
      <subfield code="a">2014 L-507</subfield>
   </datafield>
   <datafield ind1="1" ind2="0" tag="060">
      <subfield code="a">WN 208</subfield>
   </datafield>
   <datafield ind1="0" ind2="0" tag="082">
      <subfield code="a">616.07/543</subfield>
      <subfield code="2">23</subfield>
   </datafield>
   <datafield ind1=" " ind2=" " tag="090">
      <subfield code="a">RC 78.7 U4 W34 2015</subfield>
      <subfield code="b">AEU</subfield>
   </datafield>
   <datafield ind1="1" ind2=" " tag="100">
      <subfield code="a">Wagner, Paul R.</subfield>
      <subfield code="c">(Sonography educator),</subfield>
      <subfield code="e">author.</subfield>
   </datafield>
   <datafield ind1="1" ind2="0" tag="245">
      <subfield code="a">Point-of-care ultrasound fundamentals :</subfield>
      <subfield code="b">principles, devices, and patient safety /</subfield>
      <subfield code="c">Paul R. Wagner, BS, RDMS, RDCS, RVT, Wayne R. Hedrick, PhD, FACR.</subfield>
   </datafield>
   <datafield ind1=" " ind2="1" tag="264">
      <subfield code="a">New York :</subfield>
      <subfield code="b">McGraw-Hill Education Medical,</subfield>
      <subfield code="c">[2015]</subfield>
   </datafield>
   <datafield ind1=" " ind2=" " tag="300">
      <subfield code="a">xi, 171 pages :</subfield>
      <subfield code="b">illustrations (some color) ;</subfield>
      <subfield code="c">24 cm</subfield>
   </datafield>
   <datafield ind1=" " ind2=" " tag="336">
      <subfield code="a">text</subfield>
      <subfield code="b">txt</subfield>
      <subfield code="2">rdacontent</subfield>
   </datafield>
   <datafield ind1=" " ind2=" " tag="337">
      <subfield code="a">unmediated</subfield>
      <subfield code="b">n</subfield>
      <subfield code="2">rdamedia</subfield>
   </datafield>
   <datafield ind1=" " ind2=" " tag="338">
      <subfield code="a">volume</subfield>
      <subfield code="b">nc</subfield>
      <subfield code="2">rdacarrier</subfield>
   </datafield>
   <datafield ind1=" " ind2=" " tag="504">
      <subfield code="a">Includes bibliographical references and index.</subfield>
   </datafield>
   <datafield ind1="0" ind2=" " tag="505">
      <subfield code="a">Basic ultrasound physics -- Real-time image formation -- Transducers -- Real-time B-mode imaging -- Doppler principles and displays -- Normal blood flow in arteries and veins -- Types of devices -- Doppler evaluation of blood flow -- Universal scanning techniques and ergonomics -- clinical safety.</subfield>
   </datafield>
   <datafield ind1=" " ind2=" " tag="596">
      <subfield code="a">42</subfield>
   </datafield>
   <datafield ind1=" " ind2="0" tag="650">
      <subfield code="a">Diagnostic ultrasonic imaging.</subfield>
   </datafield>
   <datafield ind1=" " ind2="0" tag="650">
      <subfield code="a">Point-of-care testing.</subfield>
   </datafield>
   <datafield ind1=" " ind2="0" tag="650">
      <subfield code="a">Patients</subfield>
      <subfield code="x">Safety measures.</subfield>
   </datafield>
   <datafield ind1="1" ind2="2" tag="650">
      <subfield code="a">Ultrasonography</subfield>
      <subfield code="x">methods.</subfield>
   </datafield>
   <datafield ind1="2" ind2="2" tag="650">
      <subfield code="a">Patient Safety.</subfield>
   </datafield>
   <datafield ind1="2" ind2="2" tag="650">
      <subfield code="a">Point-of-Care Systems.</subfield>
   </datafield>
   <datafield ind1="1" ind2=" " tag="700">
      <subfield code="a">Hedrick, Wayne R.,</subfield>
      <subfield code="e">author.</subfield>
   </datafield>
   <datafield ind1=" " ind2=" " tag="949">
      <subfield code="a">RC 78.7 U4 W34 2015</subfield>
      <subfield code="c">1</subfield>
      <subfield code="h">UAHL-B</subfield>
      <subfield code="i">0162035234077</subfield>
   </datafield>
   <datafield ind1=" " ind2=" " tag="926">
      <subfield code="a">RC 78.7 U4 W34 2015</subfield>
      <subfield code="w">LC</subfield>
      <subfield code="c">1</subfield>
      <subfield code="i">0162035234077</subfield>
      <subfield code="l">ON_SHELF</subfield>
      <subfield code="m">UAHLTHSC</subfield>
      <subfield code="p">$150.00</subfield>
      <subfield code="r">Y</subfield>
      <subfield code="s">Y</subfield>
      <subfield code="t">BOOK</subfield>
      <subfield code="u">2/11/2015</subfield>
   </datafield>
</record>
